@WWW{REF,
	author="{Banco de la Rep\'ublica de Colombia}",
	title={Reporte de Estabilidad Financiera-Segundo semestre 2017},
	url={http://www.banrep.gov.co/sites/default/files/publicaciones/archivos/reporte-estabilidad-financiera-septiembre-2017.pdf},
	year={2017},
	urldate = {2018-11-30},
}

@TechReport{Ratha,
  author={Ratha, Dilip and Mohapatra, Sanket and Scheja, Elina},
  title={{Impact of migration on economic and social development : a review of evidence and emerging issues}},
  year=2011,
  month=Feb,
  institution={The World Bank},
  type={Policy Research Working Paper Series},
  url={https://ideas.repec.org/p/wbk/wbrwps/5558.html},
  number={5558},
}

@TechReport{Adams,
  author={Adams, Richard H. Jr.},
  title={{Remittances, household expenditure and investment in Guatemala}},
  year=2005,
  month=Mar,
  institution={The World Bank},
  type={Policy Research Working Paper Series},
  url={https://ideas.repec.org/p/wbk/wbrwps/3532.html},
  number={3532},
}

@TechReport{Cox,
  author={Alejandra Cox Edwards and Manuelita Ureta},
  title={{International Migration, Remittances, and Schooling: Evidence from El Salvador}},
  year=2003,
  month=Jun,
  institution={National Bureau of Economic Research, Inc},
  type={NBER Working Papers},
  url={https://ideas.repec.org/p/nbr/nberwo/9766.html},
  number={9766},
}

@TechReport{Caceres,
  author={Luis Ren\'e C\'aceres and Nolvia Nery Saca},
    title={{What Do Remittances Do? Analyzing the Private Remittance Transmission Mechanism in El Salvador}},
    year=2006,
    month=Nov,
    institution={International Monetary Fund},
    type={IMF Working Papers},
    url={https://ideas.repec.org/p/imf/imfwpa/06-250.html},
    number={06/250},
  }

@TechReport{Pozo,
  author={Amuedo-Dorantes, Catalina and Pozo, Susan},
  title={{When Do Remittances Facilitate Asset Accumulation? The Importance of Remittance Income Uncertainty}},
  year=2014,
  month=Feb,
  institution={Institute of Labor Economics (IZA)},
  type={IZA Discussion Papers},
  url={https://ideas.repec.org/p/iza/izadps/dp7983.html},
  number={7983},
}

@TechReport{Plaza,
  author={Ratha, Dilip and Mohapatra, Sanket and Plaza, Sonia},
  title={{Beyond aid: new sources and innovative mechanisms for financing development in Sub-Saharan Africa}},
  year=2008,
  month=Apr,
  institution={The World Bank},
  type={Policy Research Working Paper Series},
  url={https://ideas.repec.org/p/wbk/wbrwps/4609.html},
  number={4609},
}

@TechReport{Kryshko,
  author={David A. Grigorian and Maxym Kryshko},
  title={{Deposit Insurance, Remittances, and Dollarization; Survey-Based Evidence from a Top Remittance-Receiving Country}},
  year=2017,
  month=Jun,
  institution={International Monetary Fund},
  type={IMF Working Papers},
  url={https://ideas.repec.org/p/imf/imfwpa/17-132.html},
  number={17/132},
}

@Book{ROMER,
  author={Romer, David},
  title={{Advanced Macroeconomics, Third edition}},
  publisher={McGraw-Hill Companies, Inc},
  year={{2006}},
  month={},
  volume={},
  number={},
  series={},
  edition={},
  keywords={Economics and Finance},
  doi={},
  isbn={007-287730-8},
}

@Book{Freixas,
  author={Freixas, Xavier and Rochet, Jean-Charles},
  title={{Microeconomics of Banking, Second edition}},
  publisher={MIT, Press},
  year={{2008}},
  month={},
  volume={},
  number={},
  series={},
  edition={},
  keywords={Economics and Finance},
  doi={},
  isbn={978-0-262-06270-1},
}




@TechReport{Laibson,
  author={Laibson, David},
  title="{Golden Eggs and Hyperbolic Discounting}",
  year="1997",
  month="",
  type="{Scholarly Articles}",
  url = "{https://ideas.repec.org/p/hrv/faseco/4481499.html}",
  number="{4481499}",
  institution="{Harvard University Department of Economics}",
}

@TechReport{Huffman,
    author={David Huffman and Raimond Maurer and Olivia S. Mitchell},
    title={{Time Discounting and Economic Decision-making Among the Elderly}},
    year=2016,
    month=Jul,
    institution={National Bureau of Economic Research, Inc},
    type={NBER Working Papers},
    url={https://ideas.repec.org/p/nbr/nberwo/22438.html},
    number={22438},
    keywords={},
    doi={},
    }

@misc{Censo,
  author = "{U.S. Census Bureau}",
  title = {POPULATION PROFILE IN THE UNITED STATES},
  year="2019",
  howpublished = {\url{https://data.census.gov/cedsci/}},
  note = {Accesado: 2021-10-10},
}


@TechReport{Buchak,
  author={Buchak, Greg and Matvos, Gregor and Piskorski, Tomasz and Seru, Amit},
  title={{Fintech, Regulatory Arbitrage, and the Rise of Shadow Banks}},
  year=2017,
  month=Mar,
  institution={Stanford University, Graduate School of Business},
  type={Research Papers},
  url={https://ideas.repec.org/p/ecl/stabus/3511.html},
  number={3511},
}

@TechReport{Flore,
  author={Massimo Flore},
  title={{How Blockchain Based Technology Is Disrupting Migran Remittances: A Preliminary Assessment}},
  year=2018,
  month=Nov,
  institution={Office of the European Union},
  type={JRC Science and Policy Reports},
  url={https://ec.europa.eu/jrc/sites/jrcsh/files/blockchain_and_remittances_online.pdf},
  number={EUR 29492},
}

@TechReport{Dean,
  author={Aycinena, Diego and Yang, Dean and Mart\'inez, Claudia},
  title={{The Impact of Transaction Fees on Migrant Remittances:
Evidence from a Field Experiment Among Migrants from El Salvador}},
  year=2010,
  month=Oct,
  institution={Latif Jameel Poverty Action Lab},
  url={https://www.povertyactionlab.org/sites/default/files/publications/125_304%20Remittance%20Fees%20Oct2010.pdf},
}

@TechReport{Nava,
  author={Nava Ashraf and Diego Aycinena and Claudia Martinez and Dean Yang},
  title={{Savings in Transnational Households: A Field Experiment among Migrants from El Salvador}},
  year=2014,
  month=Mar,
  institution={National Bureau of Economic Research, Inc},
  type={NBER Working Papers},
  url={https://ideas.repec.org/p/nbr/nberwo/20024.html},
  number={20024},
}

@TechReport{Ambler,
  author={Kate Ambler and Diego Aycinena and Dean Yang},
  title={{Remittance Responses to Temporary Discounts: A Field Experiment among Central American Migrants}},
  year=2014,
  month=Sep,
  institution={National Bureau of Economic Research, Inc},
  type={NBER Working Papers},
  url={https://ideas.repec.org/p/nbr/nberwo/20522.html},
  number={20522},

}

@TechReport{Ebeke,
  author={Christian H Ebeke and Boileau Loko and Arina Viseth},
  title={{Credit Quality in Developing Economies; Remittances to the Rescue?}},
  year=2014,
  month=Aug,
  institution={International Monetary Fund},
  type={IMF Working Papers},
  url={https://ideas.repec.org/p/imf/imfwpa/14-144.html},
  number={14/144},

}

@Book{Taylor,
  editor={Martin Neil Baily and John B. Taylor},
  title={{Across the Great Divide: New Perspectives on the Financial Crisis}},
  publisher={Hoover Institution, Stanford University},
  year=2014,
  number={8},
  series={Books},
  isbn={ARRAY(0x357964f0)},
  url={https://ideas.repec.org/b/hoo/books1/8.html}
}


    @article{Hsiao82,
    author={Anderson, T. W. and Hsiao, Cheng},
    title={{Formulation and estimation of dynamic models using panel data}},
    journal={Journal of Econometrics},
    year=1982,
    volume={18},
    number={1},
    pages={47-82},
   }



@TechReport{Barajas,
  author={Adolfo Barajas and Roberto Steiner},
  title={{Credit Stagnation in Latin America}},
  year=2002,
  month=Mar,
  institution={International Monetary Fund},
  type={IMF Working Papers},
  url={https://ideas.repec.org/p/imf/imfwpa/02-53.html},
  number={02/53},

}

@TechReport{Rousseau,
  author={Peter L. Rousseau},
  title={{The Market for Bank Stocks and the Rise of Deposit Banking in New York City, 1866-1897}},
  year=2010,
  month=Feb,
  institution={National Bureau of Economic Research, Inc},
  type={NBER Working Papers},
  url={https://ideas.repec.org/p/nbr/nberwo/15770.html},
  number={15770},
}


    @Article{Fujiki,
    author={Fujiki, Hiroshi and Watanabe, Kiyoshi},
    title={{Japanese Demand for M1 and Demand Deposits: Cross-Sectional and Time-Series Evidence from Japan}},
    journal={Monetary and Economic Studies},
    year=2004,
    volume={22},
    number={3},
    pages={47-77},
    url={https://ideas.repec.org/a/ime/imemes/v22y2004i3p47-77.html},
    }

    @TechReport{Grigorian,
    author={David Grigorian and Vlad Manole},
    title={{Sovereign risk and deposit dynamics: evidence from Europe}},
    year=2016,
    month=Mar,
    institution={Department of Economics, Rutgers University, Newark},
    type={Working Papers Rutgers University, Newark},
    url={https://ideas.repec.org/p/run/wpaper/2016-003.html},
    number={2016-003},

    }

@TechReport{DELPIERRE,
  author={Matthieu Delpierre and Bertrand Verheyden},
    title={{Remittances, savings and return migration under uncertainty}},
    year=2014,
    month=Feb,
    institution={LISER},
    type={LISER Working Paper Series},
    url={https://ideas.repec.org/p/irs/cepswp/2014-01.html},
    number={2014-01},
  }

@Article{Roseline,
  author={Roseline Nyakerario Misati and Anne Kamau and Hared Nassir},
  title={{Do migrant remittances matter for financial development in Kenya?}},
  journal={Financial Innovation},
  year=2019,
  volume={5},
  number={1},
  pages={1-25},
  keywords={Remittances; Financial inclusion; Technology},
  doi={10.1186/s40854-019-0142-4},
  url={https://ideas.repec.org/a/spr/fininn/v5y2019i1d10.1186_s40854-019-0142-4.html},
}

@Article{Hunte,
  author={C. Kenrick Hunte},
  title={{Workers' Remittances, Remittance Decay and Financial Deepening in Developing Countries}},
    journal={The American Economist},
    year=2004,
    volume={48},
    number={2},
    pages={82-94},
    url={https://ideas.repec.org/a/sae/amerec/v48y2004i2p82-94.html},
  }


  @TechReport{Ceyhun,
    author={Ceyhun Bora Durdu and Serdar Sayan},
    title={{Emerging market business cycles with remittance fluctuations}},
    year=2008,
    institution={Board of Governors of the Federal Reserve System (U.S.)},
    type={International Finance Discussion Papers},
    url={https://ideas.repec.org/p/fip/fedgif/946.html},
    number={946},
  }

@TechReport{Masino,
    author={Masino, Serena and Niño-Zarazúa, Miguel},
    title={{Social service delivery and access to financial innovation: The impact of Oportunidades. electro
 payment system in Mexico}},
    year=2014,
    institution={World Institute for Development Economic Research (UNU-WIDER)},
    type={WIDER Working Paper Series},
    url={https://ideas.repec.org/p/unu/wpaper/wp2014-034.html},
    number={034},

    }

@Article{Nickell,
	author={Nickell, Stephen J},
	title={{Biases in Dynamic Models with Fixed Effects}},
	journal={Econometrica},
	year=1981,
	volume={49},
	number={6},
	pages={1417-26},
	keywords={},
	url={}
}

@TechReport{White,
  author={James G. MacKinnon and Halbert White},
  title={{Some Heteroskedasticity Consistent Covariance Matrix Estimators with Improved Finite Sample Properties}},
  year=1983,
   institution={Economics Department, Queen's University},
  type={Working Paper},
  url={https://ideas.repec.org/p/qed/wpaper/537.html},
  number={537},
}

@Article{Giovanni,
  author={Croissant, Yves and Millo, Giovanni},
  title={{Panel Data Econometrics in R: The plm Package}},
  journal={Journal of Statistical Software},
  year=2008,
  volume={27},
  number={i02},
  pages={},
  keywords={},
  doi={http://hdl.handle.net/10.},
  url={https://ideas.repec.org/a/jss/jstsof/v027i02.html},
}

@Manual{stargazer,
    title = {stargazer: Well-Formatted Regression and Summary
      Statistics Tables},
    author = {Marek Hlavac},
    year = {2018},
    note = {R package version 5.2.2},
    organization = {Central European Labour Studies Institute (CELSI)},
    address = {Bratislava, Slovakia},
    url = {https://CRAN.R-project.org/package=stargazer},
  }


 @misc{BG1,
  author            = "{Organización internacional para las migraciones}",
    title           = {{Encuesta sobre migración internacional de personas Guatemaltecas y remesas, 2016}},
    year            = {2016},
    howpublished    = {\url{https://onu.org.gt/wp-content/uploads/2017/02/Encuesta-sobre-MigraciOn-y-Remesas-Guatemala-2016.pdf}},
    note            = {Accesado: 2021-09-10},
    }


@TechReport{Mazhar,
  author={Mazhar Mughal and Junaid Ahmed},
  title={{Great Expectations? Remittances and Asset Accumulation in Pakistan}},
  year=2015,
  institution={{Centro de Análisis Teórico y Procesamiento de Datos Económicos}},
  type={Working Papers},
  url={https://ideas.repec.org/p/tac/wpaper/2014-2015_6.html},
}


@TechReport{Alberola,
  author={Enrique Alberola and Rodrigo César Salvado},
  title={{Banks, remittances and financial deepening in receiving countries. A model}},
  year=2006,
  month=Ago,
  institution={Banco de España; Working Papers Homepage},
  type={Working Papers},
  url={https://ideas.repec.org/p/bde/wpaper/0621.html},
  number={0621},
}


@book{Brunnermeier,
	title = {The fundamental principles of financial regulation},
	year = {2009},
	publisher = {International Center for Monetary and Banking Studies Centre for Economic Policy Research},
	organization = {International Center for Monetary and Banking Studies Centre for Economic Policy Research},
	address = {Geneva London},
	isbn = {9780955700972},
	author = {Markus K. Brunnermeier and Crockett, Andrew and Goodhart, Charles and Persaud, Avi and Shin, Hyun},
}

@TechReport{Sagner,
	author={Carlos J. Garc\'ia and Andr\'es Sagner},
	title={{Cr\'edito, Exceso de toma de Riesgo, Costo de Cr\'edito y ciclo Econ\'omico en Chile}},
	year="2011",
	institution={Central Bank of Chile},
	type={Working Papers Central Bank of Chile},
	url={https://ideas.repec.org/p/chb/bcchwp/645.html},
	number={645},
	doi={},
}

@misc{Pew,
  author            = "{Pew Research Center}",
    title           = {{National Survey of Latinos}},
    year            = {2018},
    howpublished    = {\url{https://www.pewresearch.org/hispanic/dataset/2018-national-survey-of-latinos/}},
    note            = {Accesado: 2021-09-14},
    }

@Article{Pesaran,
  author={Im, Kyung So and Pesaran, M. Hashem and Shin, Yongcheol},
  title={{Testing for unit roots in heterogeneous panels}},
  journal={Journal of Econometrics},
  year=2003,
  volume={115},
  number={1},
  pages={53-74},
}

@misc{SBG,
  author            = "{Superintendencia de Bancos de Guatemala}",
    title           = {{Informe del Sistema Financiero a la Junta Monetaria, Septiembre 2016}},
    year            = {2016},
    howpublished    = {\url{https://www.sib.gob.gt/c/document_library/get_file?folderId=3023893&name=DLFE-24914.pdf}},
    note            = {Accesado: 2021-09-18},
    }

@TechReport{Schmidt,
  author={Denis Kwiatkowski and Peter C.B. Phillips and Peter Schmidt},
  title={{Testing the Null Hypothesis of Stationarity Against the Alternative of a Unit Root: How Sure Are We That Economic Time Series Have a Unit Root?}},
  year=1991,
  month=May,
  institution={Cowles Foundation for Research in Economics, Yale University},
  type={Cowles Foundation Discussion Papers},
  url={https://ideas.repec.org/p/cwl/cwldpp/979.html},
  number={979},
}




    @TechReport{Newey1986,
	author={Whitney K. Newey and Kenneth D. West},
	title={{A Simple, Positive Semi-Definite, Heteroskedasticity and AutocorrelationConsistent Covariance Matrix}},
	year=1986,
	institution={National Bureau of Economic Research, Inc},
	type={NBER Technical Working Papers},
	number={0055},

}

@TechReport{Watson,
  author={James H. Stock and Mark W. Watson},
  title={{Heteroskedasticity-Robust Standard Errors for Fixed Effects Panel Data Regression}},
  year=2006,
  institution={National Bureau of Economic Research, Inc},
  type={NBER Technical Working Papers},
  url={https://ideas.repec.org/p/nbr/nberte/0323.html},
  number={0323},
}

@Article{Arellano,
  author={Arellano, M},
  title={{Computing Robust Standard Errors for Within-Groups Estimators}},
  journal={Oxford Bulletin of Economics and Statistics},
  year=1987,
  volume={49},
  number={4},
  pages={431-434},
}


@misc{Bloom,
    author          = {Baker, Scott and Bloom, Nick and Davis, Stephen},
    title           = {{Migration Fear Index for the United States}},
    year            = {2021},
    howpublished    = {\url{https://fred.stlouisfed.org/series/USEPUFEARINDX}},
    note            = {Accesado: 2021-08-20},
    }


@misc{Baker,
		author = "{Federal Reserve Bank of St. Louis}",
		title = {Migration Fear Index for the United States},
		year= {2021},
		howpublished = {\url{https://fred.stlouisfed.org/series/USEPUFEARINDX}},
		note = {Accesado: 2021-08-20},
	}



@misc{Board,
  author          = "{Board of Governors of the Federal Reserve System (US)}",
  title           = {{10 Year Treasury Constant Maturity Rate [GS10]}},
  year            = {2021},
  howpublished    = {\url{https://fred.stlouisfed.org/series/GS10}},
  note            =  {Accesado: 2021-09-05},
}

@misc{Labor,
  author          = "{U.S. Bureau of Labor Statistics}",
  title           = {{Consumer Price Index for All Urban Consumers [CPIAUCNS]}},
  year            = {2021},
  howpublished    = {\url{https://fred.stlouisfed.org/series/CPIAUCNS}},
  note            = {Accesado: 2021-09-05},
}


@misc{SECMCA2020,
  author            = "{Secretar\'ia Ejecutiva del Consejo Monetario Centroamericano}",
    title           = {{SIMAFIR, Base de Datos Macroecon\'omicas}},
    year            = {2021},
    howpublished    = {\url{http://www.secmca.org/simafir.html}},
    note            = {Accesado: 2021-10-05},
    }

@misc{SECMCA1,
  author            = "{Secretar\'ia Ejecutiva del Consejo Monetario Centroamericano}",
    title           = {{Informe de Coyuntura, Segundo Trimestre 2021}},
    year            = {2021},
    howpublished    = {http://www.secmca.org/wp-content/uploads/2021/09/SECMCA-Informe-de-coyuntura-II-21.pdf}},
    note            = {Accesado: 2021-10-10},
    }

@misc{SECMCA100,
  author            = "{Secretar\'ia Ejecutiva del Consejo Monetario Centroamericano}",
    title           = {{Informe del Sistema Bancario}},
    year            = {2021},
    howpublished    = {\url{http://www.secmca.org/wp-content/uploads/2021/07/INFORME_DEL_SISTEMA_BANCARIO_DE_CENTROAMERICA_REPUBLICA_DOMINICANA_Y_PANAMA_2020.pdf}},
    note            = {Accesado: 2021-09-15},
    }



@misc{BCR1,
  author            = "{Banco Central de Reserva de El Salvador}",
    title           = {{Informe Gráfico de Remesas Familiares, Ene-Dic 2019}},
    year            = {2020},
    howpublished    = {\url{https://www.bcr.gob.sv/bcrsite/uploaded/content/category/287672233.pdf}},
    note            = {Accesado: 2021-09-10},
    }


@misc{Banguat,
    author          = "{Banco de Guatemala}",
    title           = {{Estadísticas Monetarias y Financieras Armonizadas para Centroamérica y República Dominicana, panorama de las otras sociedades de depósito}},
    year            = {2021},
    howpublished    = {\url{https://www.banguat.gob.gt/sites/default/files/banguat/estamonfin/estamonfin012.xls}},
    note            = {Accesado: 2021-09-05},
    }

@misc{BCR,
  author            = "{Banco Central de Reserva de El Salvador}",
    title           = {{Estadísticas Monetarias y Financieras Armonizadas, panorama de las otras sociedades de depósito}},
    year            = {2021},
    howpublished    = {\url{https://www.bcr.gob.sv/bcrsite/uploaded/content/esquema/773070633.xlsx}},
    note            = {Accesado: 2021-09-05},
    }




@misc{BCH1,
  author            = "{Banco Central de Honduras}",
    title           = {{Resultados Encuesta Semestral de Remesas Familiares, Ago 2021}},
    year            = {2021},
    note            = {Accesado: 2021-09-10},
    }


@misc{BCH,
            author  = "{Banco Central de Honduras}",
            title   = {{Agregados Monetarios y Crédito, Captación de las Otras Sociedades de Depósitos}},
            year            = {2021},
    note            = {Accesado: 2021-09-05},
    }

@TechReport{Bersch,
  author={Julia Bersch and Mrs. Esther Perez Ruiz and Mr. Yorbol Yakhshilikov and Jean François Clevy and Naseem Muhammad},
  title={{Fintech Potential for Remittance Transfers: A Central America Perspective}},
  year=2021,
  month=Jun,
  institution={International Monetary Fund},
  type={IMF Working Papers},
  url={https://ideas.repec.org/p/imf/imfwpa/2021-175.html},
  number={2021/175},
  abstract={},
  doi={},
}

@misc{FMIWB,
  author            = "{International Monetary Fund and World Bank}",
    title           = {{The Bali Fintech Agenda}},
    type            = {IMF Policy Papers},
    year            = {2018},
    howpublished    = {\url{https://www.imf.org/en/Publications/Policy-Papers/Issues/2018/10/11/pp101118-bali-fintech-agenda}},
    }

@misc{FMI1,
  author = "{International Monetary Fund}",
  title = {Financial Acces Survey},
  year="2021",
  howpublished = {\url{http://data.imf.org/?sk=E5DCAB7E-A5CA-4892-A6EA-598B5463A34C&sId=1412015057755}},
  note = {Accesado: 2021-10-10},
}

@Book{BANK,
  author="{World Bank}",
  title={{The Little Data Book on Financial Inclusion 2018}},
  publisher={The World Bank},
  year=2018,
  number={29654},
  series={World Bank Publications},
}

@misc{Finnovista,
  author            = "{Inter-American Development Bank and Finnovista}",
    title           = {{Fintech Latin America. Growth and Consolidation}},
    year            = {2018},
    howpublished    = {\url{https://publications.iadb.org/handle/11319/9234}},
    note            = {Accesado: 2020-02-14},
    }
