@TechReport{Hausmann2006,
	author={Ricardo Hausmann and Federico Sturzenegger},
	title={{Global imbalances or bad accounting? The missing dark matter in the wealth of nations}},
	year=2006,
	institution={Universidad Torcuato Di Tella},
	type={Business School Working Papers},
	url={http://ideas.repec.org/p/udt/wpbsdt/globalimbal.html},
	number={globalimbal},
	}
	
	@TechReport{Milesi2008,
		author={Gian-Maria Milesi-Ferretti},
		title={{Fundamentals at Odds? The U.S. Current Account Deficit and The Dollar}},
		year=2008,
		month=Nov,
		institution={International Monetary Fund},
		type={IMF Working Papers},
		url={http://ideas.repec.org/p/imf/imfwpa/08-260.html},
		number={08/260},
		}
	
	@Article{Quiros2000,
		author={Margaret M. McConnell and Gabriel Perez-Quiros},
		title={{Output fluctuations in the United States: what has changed since the early 1980s?}},
		journal={Proceedings},
		year=2000,
		volume={},
		number={Mar},
		pages={},
		month={},
		keywords={},
		doi={},
		url={}
	}
	@Article{Kim1999,
		author={Chang-Jin Kim and Charles R. Nelson},
		title={{Has The U.S. Economy Become More Stable? A Bayesian Approach Based On A Markov-Switching Model Of The Business Cycle}},
		journal={The Review of Economics and Statistics},
		year=1999,
		volume={81},
		number={4},
		pages={608-616},
		month={November},
		keywords={},
		doi={},
		url={}
	}
	
	@TechReport{Stock2002,
		author={James H. Stock and Mark W. Watson},
		title={{Has the Business Cycle Changed and Why?}},
		year=2002,
		month=Aug,
		institution={National Bureau of Economic Research, Inc},
		type={NBER Working Papers},
		url={https://ideas.repec.org/p/nbr/nberwo/9127.html},
		number={9127},
		keywords={},
		doi={},
	}
	
	@TechReport{Bernanke2005,
		author={Ben S. Bernanke},
		title={{The global saving glut and the U.S. current account deficit}},
		year=2005,
		month= ,
		institution={Board of Governors of the Federal Reserve System (U.S.)},
		type={Speech},
		url={https://ideas.repec.org/p/fip/fedgsq/77.html},
		number={77},
		abstract={},
		keywords={},
		doi={},
	}
	
	@TechReport{Feldstein79,
		author={Martin Feldstein and Charles Horioka},
		title={{Domestic Savings and International Capital Flows}},
		year=1979,
		month=Jan,
		institution={National Bureau of Economic Research, Inc},
		type={NBER Working Papers},
		url={https://ideas.repec.org/p/nbr/nberwo/0310.html},
		number={0310},
		abstract={},
		keywords={},
		doi={},
	}