
@Article{Cochrane1,
  author={Cochrane, John H.},
  title={{Money as stock}},
  journal={Journal of Monetary Economics},
  year=2005,
  volume={52},
  number={3},
  pages={501-528},
  month={April},
  keywords={},
  doi={},
  url={https://ideas.repec.org/a/eee/moneco/v52y2005i3p501-528.html}
}


@TechReport{Ortiz,
  author={Ortiz, Luis.},
  title="{Remesas en un entorno de transformación de los servicios financieros: Identificando su vínculo con los depósitos bancarios en el triángulo norte de Centroamérica}",
  year=2022,
  month={},
  institution="{Secretaría Ejecutiva del Consejo Monetario Centroamericano}",
  type={Documento de trabajo},
  url={https://www.secmca.org/wp-content/uploads/2022/02/REMESAS-EN-UN-ENTORNO-DE-TRANSFORMACI%C3%93N.pdf},
  number={1},
  abstract={}
}

@MANUAL{Regulation1,
	author="{Financial Stability Board}",
	title={Regulation, Supervision and Oversight of “Global Stablecoin” Arrangements},
	year=2020,
	month=Oct,
	institution="{Financial Stability Board}",
	type="{}",
	number="{}",
	url = {https://www.fsb.org/wp-content/uploads/P131020-3.pdf}
}

@TechReport{Villaverde,
  author={Fernández-Villaverde, Jesús},
  title={{Cryptocurrencies and All That:Two Ideas from Monetary Economics}},
  year=2021,
  month=Jan,
  institution={Penn Institute for Economic Research, Department of Economics, University of Pennsylvania},
  type={PIER Working Paper Archive},
  url={https://ideas.repec.org/p/pen/papers/21-009.html},
  number={21-009},
  abstract={},
  keywords={},
  doi={},
}

@Book{SARGENT,
  author={Sargent, Thomas J.},
  title={{Dynamic Macroeconomic Theory}},
  publisher={Harvard University Press},
  year=1987,
  month={},
  volume={},
  number={},
  series={},
  edition={},
  keywords={},
  doi={},
  isbn={0674218779},
  abstract={},
  url={}
}


@misc{BCR1,
  author            = "{Banco Central de Reserva de El Salvador}",
  title           = {{Informe gráfico de remesas familiares}},
  year            = {2021},
  howpublished    = {\url{https://www.bcr.gob.sv/documental/Inicio/descarga/36b49a08542214464f6715853b88e291.pdf}},
  note            = {Accesado: 2022-05-02},
}

@misc{WB1,
            author  = "{Banco Mundial}",
            title   = {{Bilateral Remittance Estimates for 2018 using Migrant Stocks, Host Country Incomes, and Origin Country Incomes.}},
            year            = {2019},
    howpublished    = {\url{https://thedocs.worldbank.org/en/doc/904591573826885707-0090022019/original/Bilateralremittancematrix2018Oct2019.xlsx}},
    note            = {Accesado: 2022-05-02},
    }


@MANUAL{SECMCA1,
	author="{Secretar\'ia Ejecutiva del Consejo Monetario Centroamericano}",
	title={Balance Preliminar de la Economía de la Región CARD 2021},
	year=2022,
  institution="{Secretar\'ia Ejecutiva del Consejo Monetario Centroamericano}",
	type="{}",
	number="{}",
	url = {https://www.secmca.org/wp-content/uploads/2022/03/Balance-Preliminar-2021-VF.pdf}
}

@TechReport{BLANCHARD88,
  author={Olivier Jean Blanchard and Danny Quah},
  title={{The Dynamic Effects of Aggregate Demand and Supply Disturbances}},
  year=1988,
  month=Oct,
  institution={National Bureau of Economic Research, Inc},
  type={NBER Working Papers},
  url={},
  number={2737},
  abstract={},
  keywords={},
  doi={}
}

@Article{Islas,
  author={Islas C., Alejandro and Cortez, Willy Walter},
  title={{Relaciones dinámicas del producto y el empleo en México: una evaluación de sus componentes permanentes y transitorios}},
  journal={Revista CEPAL},
  year=2013,
  volume={},
  number={},
  pages={},
  month={December},
  keywords={MERCADO DE TRABAJO; DESEMPLEO; PRODUCCION; MODELOS MATEMATICOS; LABOUR MARKET; UNEMPLOYMENT; PRODUCT},
  doi={},
  abstract={},
  url={}
}

@TechReport{Pagliacci,
  author={Carolina Pagliacci},
  title={{Are We Ignoring Supply Shocks? A Proposal for Monitoring Cyclical Fluctuations}},
  year=2016,
  month=Apr,
  institution={Centro de Estudios Monetarios Latinoamericanos, CEMLA},
  type={Documentos de Investigación - Research Papers},
  url={https://ideas.repec.org/p/cml/docinv/21.html},
  number={21},
  abstract={},
  keywords={Cyclical fluctuation; structural demand and supply identification; sign restriction identification.},
  doi={},
}

@Book{Mankiw,
  author={Mankiw, N. Gregory.},
  title={{Principles of Macroeconomics}},
  publisher={Cengage Learning},
  year=2016,
  month={},
  volume={},
  number={},
  series={},
  edition={8},
  keywords={},
  doi={},
  isbn={9781337516884},
  abstract={},
  url={}
}

@Article{Okun,
  author={Okun, Arthur},
  title={{Potential GNP: Its Measurement and Significance}},
  journal={Reprinted as Cowles Foundation Paper},
  year=1962,
  volume={},
  number={190},
  pages={},
  keywords={},
  doi={},
  abstract={},
  url={}
}

@MANUAL{BCH,
	author="{Banco Central de Honduras}",
	title={Resultados Encuesta Semestral De Remesas Familiares},
	year=2022,
  institution="{Banco Central de Honduras}",
	type="{}",
	number="{}",
	url = {}
}

@MANUAL{INGUAT,
	author="{Instituto Guatemalteco de Turismo}",
	title={Boletín Estadístico de Turismo},
	year=2022,
  institution="{Instituto Guatemalteco de Turismo}",
	type="{}",
	number="{}",
	url = {}
}

@MANUAL{INE,
	author="{Instituto Nacional de Estadística Honduras}",
	title={Estadísticas Turísticas de Honduras 2017-2021},
	year=2022,
  institution="{Instituto Nacional de Estadística Honduras}",
	type="{}",
	number="{}",
	url = {}
}

@misc{SECMCADATOS,
  author            = "{Secretaría Ejecutiva del Consejo Monetario Centroamericano}",
  title           = {{SECMCADATOS}},
  year            = {2022},
  howpublished    = {\url{https://www.secmca.org/secmcadatos/}},
  note            = {Accesado: 2022-05-02},
}



@misc{Board,
  author          = "{U.S. Bureau of Labor Statistics}",
  title           = {{Unemployment Rate - Hispanic or Latino [LNS14000009], retrieved from FRED, Federal Reserve Bank of St. Louis}},
  year            = {2022},
  howpublished    = {\url{https://fred.stlouisfed.org/series/LNS14000009}},
  note            =  {Accesado: 2022-05-05},
}

@misc{Board1,
  author          = "{U.S. Bureau of Labor Statistics}",
  title           = {{Consumer Price Index for All Urban Consumers: All Items in U.S. City Average [CPIAUCNS], retrieved from FRED, Federal Reserve Bank of St. Louis}},
  year            = {2022},
  howpublished    = {\url{https://fred.stlouisfed.org/series/CPIAUCNS}},
  note            =  {Accesado: 2022-05-05},
}

@misc{Board2,
  author          = "{Federal Reserve Bank of St. Louis}",
  title           = {{NBER based Recession Indicators for the United States from the Period following the Peak through the Trough [USREC], retrieved from FRED, Federal Reserve Bank of St. Louis}},
  year            = {2022},
  howpublished    = {\url{https://fred.stlouisfed.org/series/USREC}},
  note            =  {Accesado: 2022-05-05},
}

@misc{TRANS,
  author          = "{U.S. Bureau of Economic Analysis}",
  title           = {{Government current transfer payments [A084RC1Q027SBEA], retrieved from FRED, Federal Reserve Bank of St. Louis}},
  year            = {2022},
  howpublished    = {\url{https://fred.stlouisfed.org/series/A084RC1Q027SBEA}},
  note            =  {Accesado: 2022-05-05},
}

@Article{Pesaran,
  author={Im, Kyung So and Pesaran, M. Hashem and Shin, Yongcheol},
  title={{Testing for unit roots in heterogeneous panels}},
  journal={Journal of Econometrics},
  year=2003,
  volume={115},
  number={1},
  pages={53-74},
}

@TechReport{Schmidt,
  author={Denis Kwiatkowski and Peter C.B. Phillips and Peter Schmidt},
  title={{Testing the Null Hypothesis of Stationarity Against the Alternative of a Unit Root: How Sure Are We That Economic Time Series Have a Unit Root?}},
  year=1991,
  month=May,
  institution={Cowles Foundation for Research in Economics, Yale University},
  type={Cowles Foundation Discussion Papers},
  url={https://ideas.repec.org/p/cwl/cwldpp/979.html},
  number={979},
}

@TechReport{Canova,
  author={Canova, Fabio},
  title={{FAQ: How do I measure the Output gap?}},
  year=2020,
  month=Jun,
  institution={C.E.P.R. Discussion Papers},
  type={CEPR Discussion Papers},
  url={https://ideas.repec.org/p/cpr/ceprdp/14943.html},
  number={14943},
  abstract={},
  keywords={Cyclical fluctuations; Filtering; gain functions; Gaps and potentials; permanent and transitory comp},
  doi={},
}

@Article{Prescott,
  author={Hodrick, Robert J and Prescott, Edward C},
  title={{Postwar U.S. Business Cycles: An Empirical Investigation}},
  journal={Journal of Money, Credit and Banking},
  year=1997,
  volume={29},
  number={1},
  pages={1-16},
  month={February},
  keywords={},
  doi={},
  abstract={},
  url={https://ideas.repec.org/a/mcb/jmoncb/v29y1997i1p1-16.html}
}

@TechReport{Hamilton,
  author={James D. Hamilton},
  title={{Why You Should Never Use the Hodrick-Prescott Filter}},
  year=2017,
  month=May,
  institution={National Bureau of Economic Research, Inc},
  type={NBER Working Papers},
  url={https://ideas.repec.org/p/nbr/nberwo/23429.html},
  number={23429},
  abstract={},
  keywords={},
  doi={},
}

@TechReport{Olivier,
  author={Olivier Coibion and Yuriy Gorodnichenko and Dmitri Koustas},
  title={{Amerisclerosis? The Puzzle of Rising U.S. Unemployment Persistence}},
  journal={Brookings Papers on Economic Activity},
  year=2013,
  volume={44},
  number={2},
  pages={193-260},
  month={},
  doi={},
}

@TechReport{Alina,
  author={Ms. Alina Carare and Mr. Yorbol Yakhshilikov and Dmitry Vasilyev and Aleksandra Babii},
  title={{Evolution of Remittances to CAPDR Countries and Mexico During the COVID-19 Pandemic}},
  year=2022,
  month=May,
  institution={International Monetary Fund},
  type={IMF Working Papers},
  url={https://ideas.repec.org/p/imf/imfwpa/2022-092.html},
  number={2022/092},
  abstract={},
  keywords={},
  doi={},
}
