@WWW{SECMCA1,
	author="{Secretar\'ia Ejecutiva del Consejo Monetario Centroamericano}",
	title="{Balance Preliminar de la Econom\'ia de la Regi\'on CARD, 2021}",
	url={https://www.secmca.org/wp-content/uploads/2022/03/Balance-Preliminar-2021-VF.pdf},
	year={2021},
	urldate = {2022-05-02},
}


@WWW{BCR1,
	author="{Banco Central de Reserva de El Salvador}",
	title={Informe gr√°fico de remesas familiares},
	url={https://www.bcr.gob.sv/documental/Inicio/descarga/36b49a08542214464f6715853b88e291.pdf},
	year={2021},
	urldate = {2022-05-02},
}



@misc{WB1,
            author  = "{World Bank}",
            title   = {{Bilateral Remittance Estimates for 2018 using Migrant Stocks, Host Country Incomes, and Origin Country Incomes (millions of US$) (October 2019 Version)}},
            year            = {2019},
    howpublished    = {\url{https://thedocs.worldbank.org/en/doc/904591573826885707-0090022019/original/Bilateralremittancematrix2018Oct2019.xlsx}},
    note            = {Accesado: 2022-05-02},
    }

@book{Brunnermeier,
	title = {The fundamental principles of financial regulation},
	year = {2009},
	publisher = {International Center for Monetary and Banking Studies Centre for Economic Policy Research},
	organization = {International Center for Monetary and Banking Studies Centre for Economic Policy Research},
	address = {Geneva London},
	isbn = {9780955700972},
	author = {Markus K. Brunnermeier and Crockett, Andrew and Goodhart, Charles and Persaud, Avi and Shin, Hyun},
}

@TechReport{Sagner,
	author={Carlos J. Garc\'ia and Andr\'es Sagner},
	title={{Cr\'edito, Exceso de toma de Riesgo, Costo de Cr\'edito y ciclo Econ\'omico en Chile}},
	year="2011",
	institution={Central Bank of Chile},
	type={Working Papers Central Bank of Chile},
	url={https://ideas.repec.org/p/chb/bcchwp/645.html},
	number={645},
	doi={},
}

@Article{Pesaran,
  author={Im, Kyung So and Pesaran, M. Hashem and Shin, Yongcheol},
  title={{Testing for unit roots in heterogeneous panels}},
  journal={Journal of Econometrics},
  year=2003,
  volume={115},
  number={1},
  pages={53-74},
}
